

@inproceedings{szegedy2015going,
title={Going deeper with convolutions},
author={Szegedy, Christian and Liu, Wei and Jia, Yangqing and Sermanet, Pierre and Reed, Scott and Anguelov, Dragomir and Erhan, Dumitru and Vanhoucke, Vincent and Rabinovich, Andrew},
booktitle={Proceedings of the IEEE conference on computer vision and pattern recognition},
pages={1--9},
year={2015}
}

@article{raza2022hybrid,
  title={A hybrid deep learning-based approach for brain tumor classification},
  author={Raza, Asaf and Ayub, Huma and Khan, Javed Ali and Ahmad, Ijaz and S. Salama, Ahmed and Daradkeh, Yousef Ibrahim and Javeed, Danish and Ur Rehman, Ateeq and Hamam, Habib},
  journal={Electronics},
  volume={11},
  number={7},
  pages={1146},
  year={2022},
  publisher={MDPI}
}

@article{badvza2020classification,
title={Classification of brain tumors from MRI images using a convolutional neural network},
author={Bad{\v{z}}a, Milica M and Barjaktarovi{\'c}, Marko {\v{C}}},
journal={Applied Sciences},
volume={10},
number={6},
pages={1999},
year={2020},
publisher={MDPI}
}

@inproceedings{abiwinanda2019brain,
  title={Brain tumor classification using convolutional neural network},
  author={Abiwinanda, Nyoman and Hanif, Muhammad and Hesaputra, S Tafwida and Handayani, Astri and Mengko, Tati Rajab},
  booktitle={World congress on medical physics and biomedical engineering 2018},
  pages={183--189},
  year={2019},
  organization={Springer}
}

@misc{cheng2017brain,
  title={Brain tumor dataset. figshare. dataset},
  author={Cheng, Jun},
  year={2017},
  publisher={ed}
}

@article{acos,
  title     = {Coronavirus disease (COVID-19) detection in chest X-ray images using majority voting based classifier ensemble},
  author    = {Chandra, Tej Bahadur and Verma, Kesari and Singh, Bikesh Kumar and Jain, Deepak and Netam, Satyabhuwan Singh},
  journal   = {Expert systems with applications},
  volume    = {165},
  pages     = {113909},
  year      = {2021},
  publisher = {Elsevier}
}

@article{acter2020evolution,
  title     = {Evolution of severe acute respiratory syndrome coronavirus 2 (SARS-CoV-2) as coronavirus disease 2019 (COVID-19) pandemic: A global health emergency},
  author    = {Acter, Thamina and Uddin, Nizam and Das, Jagotamoy and Akhter, Afroza and Choudhury, Tasrina Rabia and Kim, Sunghwan},
  journal   = {Science of the Total Environment},
  volume    = {730},
  pages     = {138996},
  year      = {2020},
  publisher = {Elsevier}
}

@article{ahishali2021advance,
  title     = {Advance warning methodologies for covid-19 using chest x-ray images},
  author    = {Ahishali, Mete and Degerli, Aysen and Yamac, Mehmet and Kiranyaz, Serkan and Chowdhury, Muhammad EH and Hameed, Khalid and Hamid, Tahir and Mazhar, Rashid and Gabbouj, Moncef},
  journal   = {IEEE Access},
  volume    = {9},
  pages     = {41052--41065},
  year      = {2021},
  publisher = {IEEE}
}
@article{akt,
  title     = {COVID-19 detection using deep learning algorithm on chest X-ray images},
  author    = {Akter, Shamima and Shamrat, FM and Chakraborty, Sovon and Karim, Asif and Azam, Sami},
  journal   = {Biology},
  volume    = {10},
  number    = {11},
  pages     = {1174},
  year      = {2021},
  publisher = {Multidisciplinary Digital Publishing Institute}
}
@article{ar,
  title     = {Advance warning methodologies for covid-19 using chest x-ray images},
  author    = {Ahishali, Mete and Degerli, Aysen and Yamac, Mehmet and Kiranyaz, Serkan and Chowdhury, Muhammad EH and Hameed, Khalid and Hamid, Tahir and Mazhar, Rashid and Gabbouj, Moncef},
  journal   = {IEEE Access},
  volume    = {9},
  pages     = {41052--41065},
  year      = {2021},
  publisher = {IEEE}
}
@article{brenner2007computed,
  title     = {Computed tomographyâ€”an increasing source of radiation exposure},
  author    = {Brenner, David J and Hall, Eric J},
  journal   = {New England journal of medicine},
  volume    = {357},
  number    = {22},
  pages     = {2277--2284},
  year      = {2007},
  publisher = {Mass Medical Soc}
}
@article{chen2014semantic,
  title   = {Semantic image segmentation with deep convolutional nets and fully connected crfs},
  author  = {Chen, Liang-Chieh and Papandreou, George and Kokkinos, Iasonas and Murphy, Kevin and Yuille, Alan L},
  journal = {arXiv preprint arXiv:1412.7062},
  year    = {2014}
}
@article{chen2017deeplab,
  title     = {Deeplab: Semantic image segmentation with deep convolutional nets, atrous convolution, and fully connected crfs},
  author    = {Chen, Liang-Chieh and Papandreou, George and Kokkinos, Iasonas and Murphy, Kevin and Yuille, Alan L},
  journal   = {IEEE transactions on pattern analysis and machine intelligence},
  volume    = {40},
  number    = {4},
  pages     = {834--848},
  year      = {2017},
  publisher = {IEEE}
}
@article{chen2017rethinking,
  title   = {Rethinking atrous convolution for semantic image segmentation},
  author  = {Chen, Liang-Chieh and Papandreou, George and Schroff, Florian and Adam, Hartwig},
  journal = {arXiv preprint arXiv:1706.05587},
  year    = {2017}
}
@inproceedings{ciregan2012multi,
  title        = {Multi-column deep neural networks for image classification},
  author       = {Ciregan, Dan and Meier, Ueli and Schmidhuber, J{\"u}rgen},
  booktitle    = {2012 IEEE conference on computer vision and pattern recognition},
  pages        = {3642--3649},
  year         = {2012},
  organization = {IEEE}
}
@inproceedings{dag,
  title        = {Reliable COVID-19 Detection Using Chest X-ray Images},
  author       = {Degerli, Aysen and Ahishali, Mete and Kiranyaz, Serkan and Chowdhury, Muhammad EH and Gabbouj, Moncef},
  booktitle    = {2021 IEEE International Conference on Image Processing (ICIP)},
  pages        = {185--189},
  year         = {2021},
  organization = {IEEE}
}
@article{deangelis2001brain,
  title     = {Brain tumors},
  author    = {DeAngelis, Lisa M},
  journal   = {New England journal of medicine},
  volume    = {344},
  number    = {2},
  pages     = {114--123},
  year      = {2001},
  publisher = {Mass Medical Soc}
}
@inproceedings{erhan2014scalable,
  title     = {Scalable object detection using deep neural networks},
  author    = {Erhan, Dumitru and Szegedy, Christian and Toshev, Alexander and Anguelov, Dragomir},
  booktitle = {Proceedings of the IEEE conference on computer vision and pattern recognition},
  pages     = {2147--2154},
  year      = {2014}
}
@article{erickson1993advanced,
  title   = {Advanced but expensive technology. Balancing affordability with access in rural areas.},
  author  = {Erickson, KONRAD A and Mackenzie, KR and Marshall, AJ},
  journal = {Canadian family physician Medecin de famille canadien},
  volume  = {39},
  pages   = {28--30},
  year    = {1993}
}
@article{farabet2012learning,
  title     = {Learning hierarchical features for scene labeling},
  author    = {Farabet, Clement and Couprie, Camille and Najman, Laurent and LeCun, Yann},
  journal   = {IEEE transactions on pattern analysis and machine intelligence},
  volume    = {35},
  number    = {8},
  pages     = {1915--1929},
  year      = {2012},
  publisher = {IEEE}
}
@article{felzenszwalb2009object,
  title     = {Object detection with discriminatively trained part-based models},
  author    = {Felzenszwalb, Pedro F and Girshick, Ross B and McAllester, David and Ramanan, Deva},
  journal   = {IEEE transactions on pattern analysis and machine intelligence},
  volume    = {32},
  number    = {9},
  pages     = {1627--1645},
  year      = {2009},
  publisher = {IEEE}
}
@inproceedings{girshick2014rich,
  title     = {Rich feature hierarchies for accurate object detection and semantic segmentation},
  author    = {Girshick, Ross and Donahue, Jeff and Darrell, Trevor and Malik, Jitendra},
  booktitle = {Proceedings of the IEEE conference on computer vision and pattern recognition},
  pages     = {580--587},
  year      = {2014}
}
@inproceedings{giusti2013fast,
  title        = {Fast image scanning with deep max-pooling convolutional neural networks},
  author       = {Giusti, Alessandro and Cire{\c{s}}an, Dan C and Masci, Jonathan and Gambardella, Luca M and Schmidhuber, J{\"u}rgen},
  booktitle    = {2013 IEEE International Conference on Image Processing},
  pages        = {4034--4038},
  year         = {2013},
  organization = {IEEE}
}
@article{guo2022attention,
  title     = {Attention mechanisms in computer vision: A survey},
  author    = {Guo, Meng-Hao and Xu, Tian-Xing and Liu, Jiang-Jiang and Liu, Zheng-Ning and Jiang, Peng-Tao and Mu, Tai-Jiang and Zhang, Song-Hai and Martin, Ralph R and Cheng, Ming-Ming and Hu, Shi-Min},
  journal   = {Computational Visual Media},
  pages     = {1--38},
  year      = {2022},
  publisher = {Springer}
}
@inproceedings{hariharan2015hypercolumns,
  title     = {Hypercolumns for object segmentation and fine-grained localization},
  author    = {Hariharan, Bharath and Arbel{\'a}ez, Pablo and Girshick, Ross and Malik, Jitendra},
  booktitle = {Proceedings of the IEEE conference on computer vision and pattern recognition},
  pages     = {447--456},
  year      = {2015}
}
@article{he2015spatial,
  title     = {Spatial pyramid pooling in deep convolutional networks for visual recognition},
  author    = {He, Kaiming and Zhang, Xiangyu and Ren, Shaoqing and Sun, Jian},
  journal   = {IEEE transactions on pattern analysis and machine intelligence},
  volume    = {37},
  number    = {9},
  pages     = {1904--1916},
  year      = {2015},
  publisher = {IEEE}
}
@inproceedings{he2016deep,
  title     = {Deep residual learning for image recognition},
  author    = {He, Kaiming and Zhang, Xiangyu and Ren, Shaoqing and Sun, Jian},
  booktitle = {Proceedings of the IEEE conference on computer vision and pattern recognition},
  pages     = {770--778},
  year      = {2016}
}
@incollection{holschneider1990real,
  title     = {A real-time algorithm for signal analysis with the help of the wavelet transform},
  author    = {Holschneider, Matthias and Kronland-Martinet, Richard and Morlet, Jean and Tchamitchian, Ph},
  booktitle = {Wavelets},
  pages     = {286--297},
  year      = {1990},
  publisher = {Springer}
}
@inproceedings{huang2017densely,
  title     = {Densely connected convolutional networks},
  author    = {Huang, Gao and Liu, Zhuang and Van Der Maaten, Laurens and Weinberger, Kilian Q},
  booktitle = {Proceedings of the IEEE conference on computer vision and pattern recognition},
  pages     = {4700--4708},
  year      = {2017}
}
@inproceedings{hyp,
  title        = {Hybrid Machine and Deep Transfer Learning Based Classification Models for Covid 19 and Pneumonia Diagnosis Using X-ray Images},
  author       = {Abdoul-Razak, Alassane Bonkano and Mikram, Mounia and Rhanoui, Maryem and Ghouzali, Sanaa},
  booktitle    = {The International Conference on Information, Communication \& Cybersecurity},
  pages        = {403--413},
  year         = {2021},
  organization = {Springer}
}
@inproceedings{ioffe2015batch,
  title        = {Batch normalization: Accelerating deep network training by reducing internal covariate shift},
  author       = {Ioffe, Sergey and Szegedy, Christian},
  booktitle    = {International conference on machine learning},
  pages        = {448--456},
  year         = {2015},
  organization = {PMLR}
}
@article{kingma2014adam,
  title   = {Adam: A method for stochastic optimization},
  author  = {Kingma, Diederik P and Ba, Jimmy},
  journal = {arXiv preprint arXiv:1412.6980},
  year    = {2014}
}
@article{krizhevsky2012imagenet,
  title   = {Imagenet classification with deep convolutional neural networks},
  author  = {Krizhevsky, Alex and Sutskever, Ilya and Hinton, Geoffrey E},
  journal = {Advances in neural information processing systems},
  volume  = {25},
  year    = {2012}
}
@article{lecun1989handwritten,
  title   = {Handwritten digit recognition with a back-propagation network},
  author  = {LeCun, Yann and Boser, Bernhard and Denker, John and Henderson, Donnie and Howard, Richard and Hubbard, Wayne and Jackel, Lawrence},
  journal = {Advances in neural information processing systems},
  volume  = {2},
  year    = {1989}
}
@article{lecun2015deep,
  title     = {Deep learning},
  author    = {LeCun, Yann and Bengio, Yoshua and Hinton, Geoffrey},
  journal   = {nature},
  volume    = {521},
  number    = {7553},
  pages     = {436--444},
  year      = {2015},
  publisher = {Nature Publishing Group}
}

@inproceedings{lin2016efficient,
  title     = {Efficient piecewise training of deep structured models for semantic segmentation},
  author    = {Lin, Guosheng and Shen, Chunhua and Van Den Hengel, Anton and Reid, Ian},
  booktitle = {Proceedings of the IEEE conference on computer vision and pattern recognition},
  pages     = {3194--3203},
  year      = {2016}
}
@inproceedings{lin2017feature,
  title     = {Feature pyramid networks for object detection},
  author    = {Lin, Tsung-Yi and Doll{\'a}r, Piotr and Girshick, Ross and He, Kaiming and Hariharan, Bharath and Belongie, Serge},
  booktitle = {Proceedings of the IEEE conference on computer vision and pattern recognition},
  pages     = {2117--2125},
  year      = {2017}
}
@inproceedings{long2015fully,
  title     = {Fully convolutional networks for semantic segmentation},
  author    = {Long, Jonathan and Shelhamer, Evan and Darrell, Trevor},
  booktitle = {Proceedings of the IEEE conference on computer vision and pattern recognition},
  pages     = {3431--3440},
  year      = {2015}
}
@article{narin2021automatic,
  title     = {Automatic detection of coronavirus disease (covid-19) using x-ray images and deep convolutional neural networks},
  author    = {Narin, Ali and Kaya, Ceren and Pamuk, Ziynet},
  journal   = {Pattern Analysis and Applications},
  volume    = {24},
  number    = {3},
  pages     = {1207--1220},
  year      = {2021},
  publisher = {Springer}
}
@article{platto2020covid19,
  title     = {COVID19: an announced pandemic},
  author    = {Platto, Sara and Xue, Tongtong and Carafoli, Ernesto},
  journal   = {Cell Death \& Disease},
  volume    = {11},
  number    = {9},
  pages     = {1--13},
  year      = {2020},
  publisher = {Nature Publishing Group}
}
@inproceedings{redmon2016you,
  title     = {You only look once: Unified, real-time object detection},
  author    = {Redmon, Joseph and Divvala, Santosh and Girshick, Ross and Farhadi, Ali},
  booktitle = {Proceedings of the IEEE conference on computer vision and pattern recognition},
  pages     = {779--788},
  year      = {2016}
}
@article{rubin2020role,
  title     = {The role of chest imaging in patient management during the COVID-19 pandemic: a multinational consensus statement from the Fleischner Society},
  author    = {Rubin, Geoffrey D and Ryerson, Christopher J and Haramati, Linda B and Sverzellati, Nicola and Kanne, Jeffrey P and Raoof, Suhail and Schluger, Neil W and Volpi, Annalisa and Yim, Jae-Joon and Martin, Ian BK and others},
  journal   = {Radiology},
  volume    = {296},
  number    = {1},
  pages     = {172--180},
  year      = {2020},
  publisher = {Radiological Society of North America}
}
@article{salehi2020coronavirus,
  title   = {Coronavirus disease 2019 (COVID-19): a systematic review of imaging findings in 919 patients},
  author  = {Salehi, Sana and Abedi, Aidin and Balakrishnan, Sudheer and Gholamrezanezhad, Ali and others},
  journal = {Ajr Am J Roentgenol},
  volume  = {215},
  number  = {1},
  pages   = {87--93},
  year    = {2020}
}
@article{sermanet2013overfeat,
  title   = {Overfeat: Integrated recognition, localization and detection using convolutional networks},
  author  = {Sermanet, Pierre and Eigen, David and Zhang, Xiang and Mathieu, Micha{\"e}l and Fergus, Rob and LeCun, Yann},
  journal = {arXiv preprint arXiv:1312.6229},
  year    = {2013}
}
@article{shi2020review,
  title     = {Review of artificial intelligence techniques in imaging data acquisition, segmentation, and diagnosis for COVID-19},
  author    = {Shi, Feng and Wang, Jun and Shi, Jun and Wu, Ziyan and Wang, Qian and Tang, Zhenyu and He, Kelei and Shi, Yinghuan and Shen, Dinggang},
  journal   = {IEEE reviews in biomedical engineering},
  volume    = {14},
  pages     = {4--15},
  year      = {2020},
  publisher = {IEEE}
}
@article{simonyan2014very,
  title   = {Very deep convolutional networks for large-scale image recognition},
  author  = {Simonyan, Karen and Zisserman, Andrew},
  journal = {arXiv preprint arXiv:1409.1556},
  year    = {2014}
}

@article{singhal2020review,
  title     = {A review of coronavirus disease-2019 (COVID-19)},
  author    = {Singhal, Tanu},
  journal   = {The indian journal of pediatrics},
  volume    = {87},
  number    = {4},
  pages     = {281--286},
  year      = {2020},
  publisher = {Springer}
}
@article{srivastava2014dropout,
  title     = {Dropout: a simple way to prevent neural networks from overfitting},
  author    = {Srivastava, Nitish and Hinton, Geoffrey and Krizhevsky, Alex and Sutskever, Ilya and Salakhutdinov, Ruslan},
  journal   = {The journal of machine learning research},
  volume    = {15},
  number    = {1},
  pages     = {1929--1958},
  year      = {2014},
  publisher = {JMLR. org}
}
@article{tahamtan2020real,
  title     = {Real-time RT-PCR in COVID-19 detection: issues affecting the results},
  author    = {Tahamtan, Alireza and Ardebili, Abdollah},
  journal   = {Expert review of molecular diagnostics},
  volume    = {20},
  number    = {5},
  pages     = {453--454},
  year      = {2020},
  publisher = {Taylor \& Francis}
}

@article{van2017learning,
  title     = {Learning scale-variant and scale-invariant features for deep image classification},
  author    = {Van Noord, Nanne and Postma, Eric},
  journal   = {Pattern Recognition},
  volume    = {61},
  pages     = {583--592},
  year      = {2017},
  publisher = {Elsevier}
}

@article{vaswani2017attention,
  title   = {Attention is all you need},
  author  = {Vaswani, Ashish and Shazeer, Noam and Parmar, Niki and Uszkoreit, Jakob and Jones, Llion and Gomez, Aidan N and Kaiser, {\L}ukasz and Polosukhin, Illia},
  journal = {Advances in neural information processing systems},
  volume  = {30},
  year    = {2017}
}

@article{wu2020new,
  title     = {A new coronavirus associated with human respiratory disease in China},
  author    = {Wu, Fan and Zhao, Su and Yu, Bin and Chen, Yan-Mei and Wang, Wen and Song, Zhi-Gang and Hu, Yi and Tao, Zhao-Wu and Tian, Jun-Hua and Pei, Yuan-Yuan and others},
  journal   = {Nature},
  volume    = {579},
  number    = {7798},
  pages     = {265--269},
  year      = {2020},
  publisher = {Nature Publishing Group}
}

@article{xia2020evaluation,
  title     = {Evaluation of coronavirus in tears and conjunctival secretions of patients with SARS-CoV-2 infection},
  author    = {Xia, Jianhua and Tong, Jianping and Liu, Mengyun and Shen, Ye and Guo, Dongyu},
  journal   = {Journal of medical virology},
  volume    = {92},
  number    = {6},
  pages     = {589--594},
  year      = {2020},
  publisher = {Wiley Online Library}
}
@inproceedings{xie2017aggregated,
  title     = {Aggregated residual transformations for deep neural networks},
  author    = {Xie, Saining and Girshick, Ross and Doll{\'a}r, Piotr and Tu, Zhuowen and He, Kaiming},
  booktitle = {Proceedings of the IEEE conference on computer vision and pattern recognition},
  pages     = {1492--1500},
  year      = {2017}
}
@inproceedings{zeiler2014visualizing,
  title        = {Visualizing and understanding convolutional networks},
  author       = {Zeiler, Matthew D and Fergus, Rob},
  booktitle    = {European conference on computer vision},
  pages        = {818--833},
  year         = {2014},
  organization = {Springer}
}
@article{zu2020coronavirus,
  title     = {Coronavirus disease 2019 (COVID-19): a perspective from China},
  author    = {Zu, Zi Yue and Jiang, Meng Di and Xu, Peng Peng and Chen, Wen and Ni, Qian Qian and Lu, Guang Ming and Zhang, Long Jiang},
  journal   = {Radiology},
  volume    = {296},
  number    = {2},
  pages     = {E15--E25},
  year      = {2020},
  publisher = {Radiological Society of North America}
}